<record><leader>00000cas a22000007a 4500</leader><controlfield tag="001">11701341</controlfield><controlfield tag="008">850215d18311834ohuwr ne      0    0eng d</controlfield><datafield ind1=" " ind2=" " tag="010"><subfield code="a">sn 85038079 </subfield></datafield><datafield ind1=" " ind2=" " tag="040"><subfield code="a">NPY</subfield><subfield code="b">eng</subfield><subfield code="c">NPY</subfield><subfield code="d">DLC</subfield><subfield code="d">OCLCQ</subfield></datafield><datafield ind1=" " ind2=" " tag="042"><subfield code="a">msc</subfield></datafield><datafield ind1="0" ind2="0" tag="050"><subfield code="a">Newspaper 9214-X</subfield></datafield><datafield ind1="0" ind2="0" tag="245"><subfield code="a">Western post and Perry advertiser.</subfield></datafield><datafield ind1="3" ind2="0" tag="246"><subfield code="a">Western post</subfield></datafield><datafield ind1=" " ind2=" " tag="260"><subfield code="a">Somerset, Ohio :</subfield><subfield code="b">William F. &amp; Louis J. Moeller</subfield></datafield><datafield ind1=" " ind2=" " tag="300"><subfield code="a">v. ;</subfield><subfield code="c">52 cm.</subfield></datafield><datafield ind1=" " ind2=" " tag="310"><subfield code="a">Weekly</subfield></datafield><datafield ind1="1" ind2=" " tag="362"><subfield code="a">Began in May 1831.</subfield><subfield code="z">Cf. Gutgesell, S. Guide to Ohio newspapers, 1974.</subfield></datafield><datafield ind1="1" ind2=" " tag="362"><subfield code="a">Ceased in June 1834.</subfield></datafield><datafield ind1=" " ind2=" " tag="515"><subfield code="a">Vols. for &lt;Oct. 13, 1832-Apr. 27, 1833&gt; called also whole no. &lt;76-105&gt;.</subfield></datafield><datafield ind1=" " ind2=" " tag="588"><subfield code="a">Description based on: Vol. 2, no. 24 (Oct. 13, 1832) = whole no. 76.</subfield></datafield><datafield ind1="1" ind2=" " tag="700"><subfield code="a">Moeller, William F.</subfield></datafield><datafield ind1="1" ind2=" " tag="700"><subfield code="a">Moeller, Louis J.</subfield></datafield><datafield ind1=" " ind2=" " tag="752"><subfield code="a">United States</subfield><subfield code="b">Ohio</subfield><subfield code="c">Perry</subfield><subfield code="d">Somerset.</subfield></datafield><datafield ind1="0" ind2="0" tag="785"><subfield code="t">Western post (Somerset, Ohio : 1834)</subfield><subfield code="w">(DLC)sn 85038080</subfield></datafield><datafield ind1="1" ind2=" " tag="029"><subfield code="a">AU@</subfield><subfield code="b">000025789633</subfield></datafield></record>